 @misc{bock:1998:online,
   author = "Bock, R. K.",
   title = "Acceptance --- The Particle Detector Brief Book",
   year = "1998",
   url = "\newline\url{http://rkb.home.cern.ch/rkb/PH14pp/node3.html}",
   note = "(accessed 26 Feb. 2013)"
 }


@ARTICLE{schmidt:1991:art,
author={Schmidt, K. H. and Morawek, W.},
title={The conditions for the synthesis of heavy nuclei},
year={1991},
journal={Reports on Progress in Physics},
volume={54},
number={7}
}

@ARTICLE{allison:2006:art,
author={Allison, J. and Amako, K. and Apostolakis, J. and Araujo, H. and Dubois, P.A. and Asai, M. and Barrand, G. and Capra, R. and Chauvie, S. and Chytracek, R. and Cirrone, G.A.P. and Cooperman, G. and Cosmo, G. and Cuttone, G. and Daquino, G.G. and Donszelmann, M. and Dressel, M. and Folger, G. and Foppiano, F. and Generowicz, J. and Grichine, V. and Guatelli, S. and Gumplinger, P. and Heikkinen, A. and Hrivnacova, I. and Howard, A. and Incerti, S. and Ivanchenko, V. and Johnson, T. and Jones, F. and Koi, T. and Kokoulin, R. and Kossov, M. and Kurashige, H. and Lara, V. and Larsson, S. and Lei, F. and Link, O. and Longo, F. and Maire, M. and Mantero, A. and Mascialino, B. and McLaren, I. and Lorenzo, P.M. and Minamimoto, K. and Murakami, K. and Nieminen, P. and Pandola, L. and Parlati, S. and Peralta, L. and Perl, J. and Pfeiffer, A. and Pia, M.G. and Ribon, A. and Rodrigues, P. and Russo, G. and Sadilov, S. and Santin, G. and Sasaki, T. and Smith, D. and Starkov, N. and Tanaka, S. and Tcherniaev, E. and Tome, B. and Trindade, A. and Truscott, P. and Urban, L. and Verderi, M. and Walkden, A. and Wellisch, J.P. and Williams, D.C. and Wright, D. and Yoshida, H.},
journal={IEEE Transactions on Nuclear Science}, 
title={Geant4 developments and applications},
year={2006},
month={Feb. },
volume={53},
number={1},
pages={270 -278},
keywords={Application software;Astrophysics;Kernel;Large Hadron Collider;Medical simulation;Object oriented modeling;Physics;Production;Protection;Software tools;physics computing;Geant4;astrophysics;high energy physics;performance optimization;space science;Electromagnetic interactions;hadronic interactions;object-oriented technology;particle interactions;physics validation;simulation;},
doi={10.1109/TNS.2006.869826},
ISSN={0018-9499},}



@Misc{johansson:2013:online,
  url =    "\newline\url{http://fy.chalmers.se/~f96hajo/ggland/}",
  author =    {Johansson, Håkan},
  title =     {ggland - command-line simulation wrapper},
  month =     {Apr},
  year =      {2013}
}

@MastersThesis{gollerthan:1988:thesis,
 author = 	 {Gollerthan, Ulrich},
  title = 	 {Untersuchungen zur Emission geladener Teilchen bei der kalten Fusion von $\nucl{90}{}{Zr} + \nucl{89}{}{Y}$},
  school = 	 {Technische Hochschule Darmstadt},
  year = 	 {1988},
  OPTkey = 	 {},
  OPTtype = 	 {},
  OPTaddress = 	 {Darmstadt},
  OPTmonth = 	 {},
  OPTnote = 	 {Institut für Kernphysik},
  OPTannote = 	 {}
}

@MastersThesis{thies:2011:thesis,
  author = 	 {Thies, Ronja},
  title = 	 {Prototype tests and pilot experiments for the $\mathrm{R}^3\mathrm{B}$ scintillator-based detection systems},
  school = 	 {Chalmers University of Technology},
  year = 	 {2011},
  OPTkey = 	 {},
  OPTtype = 	 {},
  OPTaddress = 	 {Göteborg},
  OPTmonth = 	 {},
  OPTnote = 	 {The institution for fundamental physics},
  OPTannote = 	 {Subatomic Physics group}
}


@book{knoll:2000:book,
  title={Radiation detection and measurement},
  author={Knoll, G.F.},
  isbn={9780471073383},
  lccn={99034621},
  year={2000},
  publisher={Wiley}
}

@Misc{cern:2011:online,
 url ="\newline\url{http://indico.cern.ch/getFile.py/access?contribId=24&sessionId=2&resId=0&materialId=slides&confId=144956}",
 author={Ribon, A.},
 title={Geant4 physics: issues, progress, development},
 howpublished = {Presented at LPCC Detector Simulation Workshop},
 month =     {Oct},
 year =      {2011},
 note =      {(accessed 4 Mars 2013)}
}

@Misc{gsi:2010:online,
 url ="\newline\url{http://controls.gsi.de/forschung/kp/kp2/piano/s393_print.html}",
 author={PIANO},
 title={S393 Details},
 month =     {oct},
 year =      {2010},
 note =      {(accessed 5 Mars 2013)}
}


@article{geissel:1992:art,
title = "The GSI projectile fragment separator (FRS): a versatile magnetic system for relativistic heavy ions",
journal = "Nuclear Instruments and Methods in Physics Research Section B: Beam Interactions with Materials and Atoms",
volume = "70",
number = "1–4",
pages = "286 - 297",
year = "1992",
note = "",
issn = "0168-583X",
doi = "10.1016/0168-583X(92)95944-M",
url = "\newline\url{http://www.sciencedirect.com/science/article/pii/0168583X9295944M}",
author = "H. Geissel and P. Armbruster and K.H. Behr and A. Brünle and K. Burkard and M. Chen and H. Folger and B. Franczak and H. Keller and O. Klepper and B. Langenbeck and F. Nickel and E. Pfeng and M. Pfützner and E. Roeckl and K. Rykaczewski and I. Schall and D. Schardt and C. Scheidenberger and K.-H. Schmidt and A. Schröter and T. Schwab and K. Sümmerer and M. Weber and G. Münzenberg and T. Brohm and H.-G. Clerc and M. Fauerbach and J.-J. Gaimard and A. Grewe and E. Hanelt and B. Knödler and M. Steiner and B. Voss and J. Weckenmann and C. Ziegler and A. Magel and H. Wollnik and J.P. Dufour and Y. Fujita and D.J. Vieira and B. Sherrill"
}

@misc{ wiki:bsp,
   author = "Wikipedia",
   title = "Binary space partitioning --- Wikipedia{,} The Free Encyclopedia",
   year = "2013",
   url = "\newline\url{http://en.wikipedia.org/w/index.php?title=Binary_space_partitioning&oldid=542008108}",
   note = {(accessed 5 March 2013)}
 }

@misc{NIST:2010:online,
   author = {Berger, M. J. and Hubbell, J. H. and Seltzer, S. M. and Chang, J. and Coursey, J. S. and Sukumar, R. and Zucker, D. S. and Olsen, K.},
   howpublished = "XCOM: Photon cross sections database. National Institute of Standards and Technology",
   year = "2010",
   url = "\newline\url{http://www.nist.gov/pml/data/xcom/index.cfm}",
   note = "(accessed 17 Apr. 2013)"
 }



@Misc{expertteam:2010:online,
  group = 	"Expert team",
  title = 	"Status report after exp. S393/S306 (25 Aug-17 Sep 2010)",
  month =     	"sep",
  year = 	"2010",
  url = 	"\newline\url{http://www-wnt.gsi.de/frs/experiments/new/images/S393-S306_status.pdf}",
  note = 	"(accessed 24 Apr. 2013)"
}

@Misc{frs:online,
  OPTauthor = 	 {},
  title = 	 {FRS website: S393/S306},
  OPThowpublished = {},
  OPTmonth = 	 {},
  OPTyear = 	 {},
  url = 	 "\newline\url{http://www-w2k.gsi.de/frs/experiments/new/s393.asp}",
  note = 	 {\newline(accessed 24 Apr. 2013)},
  OPTannote = 	 {}
}

@misc{referencephysicslist:online,
  OPTauthor = 	 {},
  title = 	 {Reference Physics Lists},
  OPThowpublished = {},
  month = 	 {mar},
  year = 	 {2013},
  url = 	 "\newline\url{ http:// geant4.cern.ch/ support/ proc_mod _catalog /physics _lists/ reference PL. shtml}",
  note = 	 {\newline(accessed 6 May 2013)},
  OPTannote = 	 {}
}

@misc{g4physic:online,
  author = 	 {H. Kurashige},
  title = 	 {How to Specify Physics Processes},
  OPThowpublished = {},
  OPTmonth = 	 {},
  OPTyear = 	 {},
url = {\newline\url{ http://geant4. web.cern.ch/ geant4/ G4Users Documents/ UsersGuides/ For Application Developer/html/ Getting Started/ physics Def.html}},
  note = 	 {\newline(accessed 6 May 2013)},
  OPTannote = 	 {}
}

@misc{ralfplag:online,
 author = 	 {Ralf Plag},
 title = 	 {Some documentation on Ralf's tracker},
 month = {apr},
 year = {2013},
 note = 	 {\newline(accessed 6 May 2013)},
 url = "\newline\url{http:// ralfplag.de/ tracker/}"
}

@misc{cern:2013:online,
 group = 	 {The ROOT Team},
 title = {ROOT | A Data Analysis Framework},
 url = "\newline\url{http: //root. cern.ch/ drupal/}",
 year = {2013},
 note =      {(accessed 8 May 2013)}
}

@misc{land02:2013:online,
 group = 	 {The land group},
 title = {land02 --- the unofficial guide},
 url = "\newline\url{http://web-docs.gsi.de/~rplag/land02/index.php}",
 year = {2013},
 note =      {(accessed 16 May 2013)}
}

@misc{land02GFI:2013:online,
 group = 	 {The land group},
 title = {land02 - the unofficial guide},
 url = "\newline\url{http://web-docs.gsi.de/~rplag/land02/index.php}",
 year = {2013},
 note =      {(accessed 16 May 2013)}
}

@InBook{knoll:2000:book:2,
  author = 	 {Knoll, G.F.},
  ALTeditor = 	 {},
  title = 	 {Radiation detection and measurement},
  chapter = 	 {2},
  publisher = 	 {Wiley},
  year = 	 {2000},
  OPTkey = 	 {},
  OPTvolume = 	 {},
  OPTnumber = 	 {},
  OPTseries = 	 {},
  OPTtype = 	 {},
  OPTaddress = 	 {},
  OPTedition = 	 {},
  OPTmonth = 	 {},
  OPTpages = 	 {},
  OPTnote = 	 {},
  OPTannote = 	 {}
}
@InBook{knoll:2000:book:6,
  author = 	 {Knoll, G.F.},
  ALTeditor = 	 {},
  title = 	 {Radiation detection and measurement},
  chapter = 	 {6},
  publisher = 	 {Wiley},
  year = 	 {2000},
  OPTkey = 	 {},
  OPTvolume = 	 {},
  OPTnumber = 	 {},
  OPTseries = 	 {},
  OPTtype = 	 {},
  OPTaddress = 	 {},
  OPTedition = 	 {},
  OPTmonth = 	 {},
  OPTpages = 	 {},
  OPTnote = 	 {},
  OPTannote = 	 {}
}

@InBook{knoll:2000:book:8,
  author = 	 {Knoll, G.F.},
  ALTeditor = 	 {},
  title = 	 {Radiation detection and measurement},
  chapter = 	 {8},
  publisher = 	 {Wiley},
  year = 	 {2000},
  OPTkey = 	 {},
  OPTvolume = 	 {},
  OPTnumber = 	 {},
  OPTseries = 	 {},
  OPTtype = 	 {},
  OPTaddress = 	 {},
  OPTedition = 	 {},
  OPTmonth = 	 {},
  OPTpages = 	 {},
  OPTnote = 	 {},
  OPTannote = 	 {}
}

@misc{ralfplag:online:2011,
 author = 	 {Ralf Plag},
 title = 	 {Current status of: Tracking at the LAND/R3B setup},
 month = {nov},
 year = {2011},
 note = 	 {\newline(accessed 18 May 2013)},
 url = "\newline\url{http://web-docs.gsi.de/ ~rplag/land02/docs/ workshop_1111/ tracking-land02- workshop2011-pdf.pdf}",
howpublished ="Given as talk at the S393/land02 November 2011 workshop"
}


@article{art:beringer:2012,
  title = {Review of Particle Physics},
  author = {Beringer, J. and Arguin, J. -F. and Barnett, R. M. and Copic, K. and Dahl, O. and Groom, D. E. and Lin, C. -J. and Lys, J. and Murayama, H. and Wohl, C. G. and Yao, W. -M. and Zyla, P. A. and Amsler, C. and Antonelli, M. and Asner, D. M. and Baer, H. and Band, H. R. and Basaglia, T. and Bauer, C. W. and Beatty, J. J. and Belousov, V. I. and Bergren, E. and Bernardi, G. and Bertl, W. and Bethke, S. and Bichsel, H. and Biebel, O. and Blucher, E. and Blusk, S. and Brooijmans, G. and Buchmueller, O. and Cahn, R. N. and Carena, M. and Ceccucci, A. and Chakraborty, D. and Chen, M. -C. and Chivukula, R. S. and Cowan, G. and D'Ambrosio, G. and Damour, T. and de Florian, D. and de Gouv\^ea, A. and DeGrand, T. and de Jong, P. and Dissertori, G. and Dobrescu, B. and Doser, M. and Drees, M. and Edwards, D. A. and Eidelman, S. and Erler, J. and Ezhela, V. V. and Fetscher, W. and Fields, B. D. and Foster, B. and Gaisser, T. K. and Garren, L. and Gerber, H. -J. and Gerbier, G. and Gherghetta, T. and Golwala, S. and Goodman, M. and Grab, C. and Gritsan, A. V. and Grivaz, J. -F. and Gr\"unewald, M. and Gurtu, A. and Gutsche, T. and Haber, H. E. and Hagiwara, K. and Hagmann, C. and Hanhart, C. and Hashimoto, S. and Hayes, K. G. and Heffner, M. and Heltsley, B. and Hern\'andez-Rey, J. J. and Hikasa, K. and H\"ocker, A. and Holder, J. and Holtkamp, A. and Huston, J. and Jackson, J. D. and Johnson, K. F. and Junk, T. and Karlen, D. and Kirkby, D. and Klein, S. R. and Klempt, E. and Kowalewski, R. V. and Krauss, F. and Kreps, M. and Krusche, B. and Kuyanov, Yu. V. and Kwon, Y. and Lahav, O. and Laiho, J. and Langacker, P. and Liddle, A. and Ligeti, Z. and Liss, T. M. and Littenberg, L. and Lugovsky, K. S. and Lugovsky, S. B. and Mannel, T. and Manohar, A. V. and Marciano, W. J. and Martin, A. D. and Masoni, A. and Matthews, J. and Milstead, D. and Miquel, R. and M\"onig, K. and Moortgat, F. and Nakamura, K. and Narain, M. and Nason, P. and Navas, S. and Neubert, M. and Nevski, P. and Nir, Y. and Olive, K. A. and Pape, L. and Parsons, J. and Patrignani, C. and Peacock, J. A. and Petcov, S. T. and Piepke, A. and Pomarol, A. and Punzi, G. and Quadt, A. and Raby, S. and Raffelt, G. and Ratcliff, B. N. and Richardson, P. and Roesler, S. and Rolli, S. and Romaniouk, A. and Rosenberg, L. J. and Rosner, J. L. and Sachrajda, C. T. and Sakai, Y. and Salam, G. P. and Sarkar, S. and Sauli, F. and Schneider, O. and Scholberg, K. and Scott, D. and Seligman, W. G. and Shaevitz, M. H. and Sharpe, S. R. and Silari, M. and Sj\"ostrand, T. and Skands, P. and Smith, J. G. and Smoot, G. F. and Spanier, S. and Spieler, H. and Stahl, A. and Stanev, T. and Stone, S. L. and Sumiyoshi, T. and Syphers, M. J. and Takahashi, F. and Tanabashi, M. and Terning, J. and Titov, M. and Tkachenko, N. P. and T\"ornqvist, N. A. and Tovey, D. and Valencia, G. and van Bibber, K. and Venanzoni, G. and Vincter, M. G. and Vogel, P. and Vogt, A. and Walkowiak, W. and Walter, C. W. and Ward, D. R. and Watari, T. and Weiglein, G. and Weinberg, E. J. and Wiencke, L. R. and Wolfenstein, L. and Womersley, J. and Woody, C. L. and Workman, R. L. and Yamamoto, A. and Zeller, G. P. and Zenin, O. V. and Zhang, J. and Zhu, R. -Y. and Harper, G. and Lugovsky, V. S. and Schaffner, P.},
  collaboration = {Particle Data Group},
  journal = {Phys. Rev. D},
  volume = {86},
  issue = {1},
  pages = {010001},
  numpages = {1528},
  year = {2012},
  month = {Jul},
  doi = {10.1103/PhysRevD.86.010001},
  url = {http://link.aps.org/doi/10.1103/PhysRevD.86.010001},
  publisher = {American Physical Society}
}

@misc{aladindrawing:2013:online,
 group = 	 {ALADiN Collaboration},
 title = {},
 url = "\newline\url{http:// www-aladin.gsi.de/ www/ pictures/ s114/ s114_col.gif}",
 year = {2000},
 note =      {(accessed 19 May 2013)}
}


@misc{aladinphoto:2013:online,
 group = 	 {NUSTAR Collaboration},
 title = {},
 url = "\newline\url{http:// www.fair-center.eu/ typo3temp/ pics/ 4f8a5fd757.jpg}",
 year = {2013},
 note =      {(accessed 19 May 2013)}
}

@article{art:Cuba:1998,
 author ={Cuba, J. and Stengel, G. and Gtinschlofi\ss{}, A. and Boretzky, K. and Aumann, T. and Dostal, W. and Eberlein, B. and Elze, Th.W. and Emling, H. and Ickert, G. and Holeczekand, J. and Holzmann, R. and Kratz, J.V. and Kulessa, R. and Leifels, Y. and Simon, H. and Stelzer, K. and Stroth, J. and Surowiec, A. and Wajda, E.},
 title = 	 {A large-area scintillating fibre detector for relativistic heavy ions},
  journal = {Nuclear Instruments and Methods in Physics Research A},
  volume = {402},
  issue = {1},
  pages = {010001},
  numpages = {1528},
  year = {1998},
  month = {Jan},
  url = "\newline\url{http://dx.doi.org/10.1016/S0168-9002(97)01078-4}",
  publisher = {Elsevier}
}

@misc{rolu:2012:online,
 group = 	 {The land group},
 title = {land02 --- the unofficial guide},
 url = "\newline\url{http:// web-docs.gsi.de/ ~rplag/ land02/ index.php?page=detectors/rolu/rolu}",
 year = {2012},
 note =      {(accessed 19 May 2013)}
}

@misc{sst:2013:online,
 group = 	 {The land group},
 title = {land02 --- the unofficial guide},
 url = "\newline\url{http://web-docs.gsi.de/ ~rplag/ land02/ index.php?page=detectors/ ssd/ssd}",
 year = {2009},
 note =      {(accessed 19 May 2013)}
}

@misc{pdc:2012:online,
 author = 	 {Christine},
 title = {PDC\_LAND02\_workshop-2},
 url = "\newline\url{http://web-docs.gsi.de/~rplag/land02/workshop_0509/PDC_LAND02_workshop.ppt}",
 year = {2009},
 note =  {(accessed 19 May 2013)}
}

@misc{pos:2008:online,
 group = 	 {The land group},
 title = {land02 --- the unofficial guide},
 url = "\newline\url{http://web-docs.gsi.de/~rplag/land02/index.php?page=detectors/pos/pos}",
 year = {2008},
 note =  {(accessed 19 May 2013)}
}

@misc{ntf:2011:online,
 group = 	 {The land group},
 title = {land02 --- the unofficial guide},
 url = "\newline\url{http://web-docs.gsi.de/~rplag/land02/index.php?page=detectors/ntf/ntf}",
 year = {2011},
 note =  {(accessed 19 May 2013)}
}

@misc{dtf:2010:online,
 group = 	 {The land group},
 title = {land02 --- the unofficial guide},
 url = "\newline\url{http://web-docs.gsi.de/~rplag/land02/index.php?page=detectors/dtf/dtf}",
 year = {2010},
 note =  {(accessed 19 May 2013)}
}

